%Joint Approach
@article{miwa2016end,
	title={End-to-end relation extraction using lstms on sequences and tree structures},
	author={Miwa, Makoto and Bansal, Mohit},
	journal={arXiv preprint arXiv:1601.00770},
	year={2016}
}

@article{li2017neural,
	title={A neural joint model for entity and relation extraction from biomedical text},
	author={Li, Fei and Zhang, Meishan and Fu, Guohong and Ji, Donghong},
	journal={BMC bioinformatics},
	volume={18},
	number={1},
	pages={198},
	year={2017},
	publisher={BioMed Central}
}


@article{bekoulis2018joint,
	title={Joint entity recognition and relation extraction as a multi-head selection problem},
	author={Bekoulis, Giannis and Deleu, Johannes and Demeester, Thomas and Develder, Chris},
	journal={Expert Systems with Applications},
	volume={114},
	pages={34--45},
	year={2018},
	publisher={Elsevier}
}

@article{bekoulis2018adversarial,
	title={Adversarial training for multi-context joint entity and relation extraction},
	author={Bekoulis, Giannis and Deleu, Johannes and Demeester, Thomas and Develder, Chris},
	journal={arXiv preprint arXiv:1808.06876},
	year={2018}
}

@article{li2019entity,
	title={Entity-Relation Extraction as Multi-Turn Question Answering},
	author={Li, Xiaoya and Yin, Fan and Sun, Zijun and Li, Xiayu and Yuan, Arianna and Chai, Duo and Zhou, Mingxin and Li, Jiwei},
	journal={arXiv preprint arXiv:1905.05529},
	year={2019}
}

@inproceedings{nguyen2019end,
	title={End-to-end neural relation extraction using deep biaffine attention},
	author={Nguyen, Dat Quoc and Verspoor, Karin},
	booktitle={European Conference on Information Retrieval},
	pages={729--738},
	year={2019},
	organization={Springer}
}

@article{wu2019enriching,
	title={Enriching Pre-trained Language Model with Entity Information for Relation Classification},
	author={Wu, Shanchan and He, Yifan},
	journal={arXiv preprint arXiv:1905.08284},
	year={2019}
}

@article{lee2019semantic,
	title={Semantic Relation Classification via Bidirectional LSTM Networks with Entity-Aware Attention Using Latent Entity Typing},
	author={Lee, Joohong and Seo, Sangwoo and Choi, Yong Suk},
	journal={Symmetry},
	volume={11},
	number={6},
	pages={785},
	year={2019},
	publisher={Multidisciplinary Digital Publishing Institute}
}

@article{giorgi2019end,
	title={End-to-end Named Entity Recognition and Relation Extraction using Pre-trained Language Models},
	author={Giorgi, John and Wang, Xindi and Sahar, Nicola and Shin, Won Young and Bader, Gary D and Wang, Bo},
	journal={arXiv preprint arXiv:1912.13415},
	year={2019}
}